<?xml version="1.0" encoding="UTF-8"?><collection xmlns="http://www.loc.gov/MARC21/slim"><record><leader>00548nam--2200205-u-4500</leader><controlfield tag="001">000051577</controlfield><controlfield tag="002">20161230</controlfield><controlfield tag="005">20161230201049</controlfield><controlfield tag="008">080807s1000------------r-----000-0-eng-d</controlfield><datafield ind1=" " ind2=" " tag="020"><subfield code="a">3540416536</subfield></datafield><datafield ind1=" " ind2=" " tag="040"><subfield code="a">IFIN-HH</subfield></datafield><datafield ind1=" " ind2=" " tag="080"><subfield code="a">535:53.06</subfield></datafield><datafield ind1="1" ind2=" " tag="100"><subfield code="a">Trillo, S</subfield></datafield><datafield ind1="1" ind2="0" tag="245"><subfield code="a">Spatial Solutions</subfield><subfield code="c">Stefano Trillo; William Torruellas (Eds.)</subfield></datafield><datafield ind1=" " ind2=" " tag="260"><subfield code="a">Tokyo</subfield><subfield code="b">Springer Verlag</subfield><subfield code="c">2001</subfield></datafield><datafield ind1=" " ind2=" " tag="300"><subfield code="a">454 p</subfield></datafield><datafield ind1=" " ind2=" " tag="490"><subfield code="a">Springer Series in Optical Sciences</subfield></datafield><datafield ind1="1" ind2=" " tag="700"><subfield code="a">Torruelas, William</subfield></datafield><datafield ind1=" " ind2=" " tag="852"><subfield code="a">44207</subfield><subfield code="c">535</subfield></datafield><datafield ind1=" " ind2=" " tag="CAT"><subfield code="a">Sys</subfield><subfield code="c">20101117</subfield><subfield code="h">155721</subfield></datafield></record></collection>